@online{bib:APChemNotes,
    title        = {{AP Chemistry} Notes},
    author       = {Steven Labalme},
    year         = {2021},
    url          = {https://github.com/shadypuck/APChemNotes/blob/master/main.pdf},
    urldate      = {2022-01-11}
}

@online{bib:PHYS13300Notes,
    title        = {{PHYS 13300 (Waves, Optics, and Heat)} Notes},
    author       = {Steven Labalme},
    year         = {2021},
    url          = {https://github.com/shadypuck/PHYS13300Notes/blob/master/Notes/notes.pdf},
    urldate      = {2022-01-11}
}

@article{bib:ArrheniusEqn,
    title        = {\"{U}ber die Dissociationsw\"{a}rme und den Einflu{\ss} der Temperatur auf den Dissociationsgrad der Elektrolyte},
    author       = {Svante August Arrhenius},
    journaltitle = {Zeitschrift f\"{u}r Physikalische Chemie},
    year         = {1889},
    volume       = {4},
    issue        = {1},
    pages        = {96-116},
    doi          = {10.1515/zpch-1889-0408}
}

@book{bib:McQuarrieSimon,
    title        = {Physical Chemistry: A Molecular Approach},
    author       = {Donald Allen McQuarrie and John Douglas Simon},
    publisher    = {University Science Books},
    year         = {1997},
    address      = {55D Gate Five Road, Sausalito, CA 94965}
}

@online{bib:CHEM26100Notes,
    title        = {{CHEM 26100 (Quantum Mechanics)} Notes},
    author       = {Steven Labalme},
    year         = {2021},
    url          = {https://github.com/shadypuck/CHEM26100Notes/blob/master/Notes/notes.pdf},
    urldate      = {2022-01-24}
}

@online{bib:CAAGThomasNotes,
    title        = {Calculus and Analytic Geometry {(Thomas)} Notes},
    author       = {Steven Labalme},
    year         = {2021},
    url          = {https://github.com/shadypuck/CAAGThomasNotes/blob/master/Notes/notes.pdf},
    urldate      = {2022-02-06}
}